@article{Magnier_2010_Multiobjective,
  title={Multiobjective optimization of building design using TRNSYS simulations, genetic algorithm, and Artificial Neural Network},
  author={Magnier, Laurent and Haghighat, Fariborz},
  journal={Building and Environment},
  volume={45},
  number={3},
  pages={739--746},
  year={2010},
  publisher={Elsevier}
}